@article{rs_1.1_Resnick,
  title={Recommender systems},
  author={Resnick, Paul and Varian, Hal R},
  journal={Communications of the ACM},
  volume={40},
  number={3},
  pages={56--59},
  year={1997},
  publisher={Association for Computing Machinery, Inc.}
}

@inproceedings{mohamed2019recommender,
  title={Recommender Systems Challenges and Solutions Survey},
  author={Mohamed, Marwa Hussien and Khafagy, Mohamed Helmy and Ibrahim, Mohamed Hasan},
  booktitle={2019 International Conference on Innovative Trends in Computer Engineering (ITCE)},
  pages={149--155},
  year={2019},
  organization={IEEE}
}

% https://s3.amazonaws.com/academia.edu.documents/39074689/Recommender_Systems_Handbook_-_F._Ricci__et_al.__Springer__2011_BBS.pdf?AWSAccessKeyId=AKIAIWOWYYGZ2Y53UL3A&Expires=1553555693&Signature=vrBz1eI96Mtt7WwVanJj%2F4l%2FO4o%3D&response-content-disposition=inline%3B%20filename%3DA_book_on_translation_note_taking_interp.pdf#page=103
@incollection{handbook_1.3_content-based,
  title={Content-based recommender systems: State of the art and trends},
  author={Lops, Pasquale and De Gemmis, Marco and Semeraro, Giovanni},
  booktitle={Recommender systems handbook},
  pages={73--105},
  year={2011},
  publisher={Springer}
}

% http://citeseerx.ist.psu.edu/viewdoc/download?doi=10.1.1.912.7248&rep=rep1&type=pdf
@inproceedings{di2012linked,
  title={Linked open data to support content-based recommender systems},
  author={Di Noia, Tommaso and Mirizzi, Roberto and Ostuni, Vito Claudio and Romito, Davide and Zanker, Markus},
  booktitle={Proceedings of the 8th International Conference on Semantic Systems},
  pages={1--8},
  year={2012},
  organization={ACM}
}

@incollection{handbook_1.1_intro,
  title={Introduction to Recommender Systems Handbook},
  author={Francesco Ricci, Lior Rokach and Bracha Shapira},
  booktitle={Recommender systems handbook},
  pages={7--29},
  year={2011},
  publisher={Springer}
}

@incollection{handbook_ch2,
  title={Data Mining Methods for Recommender Systems},
  author={Xavier Amatriain and Alejandro Jaimes and Nuria Oliver and Josep M. Pujol},
  booktitle={Recommender systems handbook},
  pages={30--72},
  year={2011},
  publisher={Springer}
}

@incollection{handbook_1.4_neighbourhood,
  title={A Comprehensive Survey of Neighborhood-based Recommendation Models},
  author={Christian Desrosiers and George Karypis},
  booktitle={Recommender systems handbook},
  pages={107--143},
  year={2011},
  publisher={Springer}
}

@incollection{handbook_1.5_cf,
  title={Advances in Collaborative Filtering},
  author={Yehunda Koren and Robert Bell},
  booktitle={Recommender systems handbook},
  pages={145--184},
  year={2011},
  publisher={Springer}
}

@incollection{handbook_1.8_evaluation,
  title={Evaluating Recommender Systems},
  author={Guy Shani and Asela Gunawardana},
  booktitle={Recommender systems handbook},
  pages={257--294},
  year={2011},
  publisher={Springer}
}

% http://citeseerx.ist.psu.edu/viewdoc/download?doi=10.1.1.97.5270&rep=rep1&type=pdf
@article{eval_colab,
  title={Evaluating collaborative filtering recommender systems},
  author={Herlocker, Jonathan L and Konstan, Joseph A and Terveen, Loren G and Riedl, John T},
  journal={ACM Transactions on Information Systems (TOIS)},
  volume={22},
  number={1},
  pages={5--53},
  year={2004},
  publisher={ACM}
}

% https://lia.epfl.ch/wp-content/uploads/publications/p179.pdf
@inproceedings{online_predicting,
  title={Predicting online performance of news recommender systems through richer evaluation metrics},
  author={Maksai, Andrii and Garcin, Florent and Faltings, Boi},
  booktitle={Proceedings of the 9th ACM Conference on Recommender Systems},
  pages={179--186},
  year={2015},
  organization={ACM}
}

% https://www.researchgate.net/profile/Carla_Delgado2/publication/221140976_Beyond_accuracy_Evaluating_recommender_systems_by_coverage_and_serendipity/links/570feaa708ae74cb7d9efd60/Beyond-accuracy-Evaluating-recommender-systems-by-coverage-and-serendipity.pdf
@inproceedings{eval_coverage,
  title={Beyond accuracy: evaluating recommender systems by coverage and serendipity},
  author={Ge, Mouzhi and Delgado-Battenfeld, Carla and Jannach, Dietmar},
  booktitle={Proceedings of the fourth ACM conference on Recommender systems},
  pages={257--260},
  year={2010},
  organization={ACM}
}

% http://citeseerx.ist.psu.edu/viewdoc/download?doi=10.1.1.23.9764&rep=rep1&type=pdf
@inproceedings{swearingen2001beyondalgorithms,
  title={Beyond algorithms: An HCI perspective on recommender systems},
  author={Swearingen, Kirsten and Sinha, Rashmi},
  booktitle={ACM SIGIR 2001 Workshop on Recommender Systems},
  volume={13},
  number={5-6},
  pages={1--11},
  year={2001},
  organization={Citeseer}
}

@inproceedings{iaquinta2008serendipity,
  title={Introducing serendipity in a content-based recommender system},
  author={Iaquinta, Leo and De Gemmis, Marco and Lops, Pasquale and Semeraro, Giovanni and Filannino, Michele and Molino, Piero},
  booktitle={2008 Eighth International Conference on Hybrid Intelligent Systems},
  pages={168--173},
  year={2008},
  organization={IEEE}
}

% http://downloads.hindawi.com/archive/2009/421425.pdf
@article{cf_1.1,
  title={A survey of collaborative filtering techniques},
  author={Su, Xiaoyuan and Khoshgoftaar, Taghi M},
  journal={Advances in artificial intelligence},
  volume={2009},
  year={2009},
  publisher={Hindawi},
  note = {(Accessed on 10/10/2017)}
}

% https://goldberg.berkeley.edu/pubs/eigentaste.pdf
@article{cf_1.2_eigentaste,
  title={Eigentaste: A constant time collaborative filtering algorithm},
  author={Goldberg, Ken and Roeder, Theresa and Gupta, Dhruv and Perkins, Chris},
  journal={information retrieval},
  volume={4},
  number={2},
  pages={133--151},
  year={2001},
  publisher={Springer},
  note = {(Accessed on 10/10/2017)}
}

% http://www.mirrorservice.org/sites/www.bitsavers.org/pdf/xerox/parc/techReports/CSL-92-10_Using_Collaborative_Filtering_to_Weave_an_Information_Tapestry.pdf
@article{cf_1.3_origin,
  title={Using Collaborative Filtering to Weave an Information Tapestry},
  author={Goldberg, David and Nichols, David and Oki, Brian and Terry, Douglas},
  journal={Commun. ACM},
  volume={35},
  number={12},
  year={1992},
  publisher={Xerox},
  note = {(Accessed on 10/10/2017)}
}

@inproceedings{cf_1.4_comparison,
  title={Comparison of implicit and explicit feedback from an online music recommendation service},
  author={Jawaheer, Gawesh and Szomszor, Martin and Kostkova, Patty},
  booktitle={proceedings of the 1st international workshop on information heterogeneity and fusion in recommender systems},
  pages={47--51},
  year={2010},
  organization={ACM}
}

% https://www.researchgate.net/profile/Patty_Kostkova/publication/221141034_Characterisation_of_explicit_feedback_in_an_online_music_recommendation_service/links/54305c100cf277d58e96af77/Characterisation-of-explicit-feedback-in-an-online-music-recommendation-service.pdf
@inproceedings{cf_1.5_explicit,
  title={Characterisation of explicit feedback in an online music recommendation service},
  author={Jawaheer, Gawesh and Szomszor, Martin and Kostkova, Patty},
  booktitle={Proceedings of the fourth ACM conference on Recommender systems},
  pages={317--320},
  year={2010},
  organization={ACM}
}

% http://citeseerx.ist.psu.edu/viewdoc/download?doi=10.1.1.167.5120&rep=rep1&type=pdf
@inproceedings{cf_1.6_implicit,
  title={Collaborative filtering for implicit feedback datasets},
  author={Hu, Yifan and Koren, Yehuda and Volinsky, Chris},
  booktitle={2008 Eighth IEEE International Conference on Data Mining},
  pages={263--272},
  year={2008},
  organization={Ieee}
}

% https://www.cs.uic.edu/~liub/KDD-cup-2007/NetflixPrize-description.pdf
@inproceedings{netflix_description,
  title={The netflix prize},
  author={Bennett, James and Lanning, Stan and others},
  booktitle={Proceedings of KDD cup and workshop},
  volume={2007},
  pages={35},
  year={2007},
  organization={New York, NY, USA.}
}

% https://www.asc.ohio-state.edu/statistics/dmsl/GrandPrize2009_BPC_BellKor.pdf
@article{netflix_bellkor,
  title={The bellkor solution to the netflix grand prize},
  author={Koren, Yehuda},
  journal={Netflix prize documentation},
  volume={81},
  number={2009},
  pages={1--10},
  year={2009}
}

% http://citeseerx.ist.psu.edu/viewdoc/download?doi=10.1.1.142.9009&rep=rep1&type=pdf
@article{bellkor_2007,
  title={The bellkor solution to the netflix prize},
  author={Bell, Robert M and Koren, Yehuda and Volinsky, Chris},
  journal={KorBell Teamâ€™s Report to Netflix},
  year={2007},
  publisher={Citeseer}
}

% http://signallake.com/innovation/Bellkor2008.pdf
@article{bellkor_2008,
  title={The bellkor 2008 solution to the netflix prize},
  author={Bell, Robert M and Koren, Yehuda and Volinsky, Chris},
  journal={Statistics Research Department at AT\&T Research},
  volume={1},
  year={2008}
}

% https://datajobs.com/data-science-repo/Recommender-Systems-[Netflix].pdf
@article{koren2009matrix,
  title={Matrix factorization techniques for recommender systems},
  author={Koren, Yehuda and Bell, Robert and Volinsky, Chris},
  journal={Computer},
  number={8},
  pages={30--37},
  year={2009},
  publisher={IEEE}
}

% http://files.grouplens.org/papers/algs.pdf
@inproceedings{herlocker1999algorithmic,
  title={An algorithmic framework for performing collaborative filtering},
  author={Herlocker, Jonathan L and Konstan, Joseph A and Borchers, Al and Riedl, John},
  booktitle={22nd Annual International ACM SIGIR Conference on Research and Development in Information Retrieval, SIGIR 1999},
  pages={230--237},
  year={1999},
  organization={Association for Computing Machinery, Inc}
}

% https://www.researchgate.net/profile/Jon_Herlocker/publication/226021885_An_Empirical_Analysis_of_Design_Choices_in_Neighborhood-Based_Collaborative_Filtering_Algorithms/links/00b7d539756e3b1c49000000.pdf
@article{herlocker2002empirical,
  title={An empirical analysis of design choices in neighborhood-based collaborative filtering algorithms},
  author={Herlocker, Jon and Konstan, Joseph A and Riedl, John},
  journal={Information retrieval},
  volume={5},
  number={4},
  pages={287--310},
  year={2002},
  publisher={Springer}
}

% http://citeseerx.ist.psu.edu/viewdoc/download?doi=10.1.1.30.6583&rep=rep1&type=pdf
@inproceedings{shardanand1995social,
  title={Social information filtering: Algorithms for automating" word of mouth"},
  author={Shardanand, Upendra and Maes, Pattie},
  booktitle={Chi},
  volume={95},
  pages={210--217},
  year={1995},
  organization={Citeseer}
}

% https://katbailey.github.io/post/matrix-factorization-with-tensorflow/
@misc{bailey_2016, 
  title={Matrix Factorization with Tensorflow}, url={https://katbailey.github.io/post/matrix-factorization-with-tensorflow/}, 
  publisher={Katherine Bailey}, 
  author={Bailey, Katherine}, 
  year={2016}, 
  month={3}
}

% https://www.kdnuggets.com/2019/09/state-transfer-learning-nlp.html
@misc{ruder2019state, 
  title={Matrix Factorization with Tensorflow}, url={https://www.kdnuggets.com/2019/09/state-transfer-learning-nlp.html}, 
  publisher={KD Nuggets}, 
  author={Ruder, Sebastian}, 
  year={2019}, 
  month={9}
}

% https://arxiv.org/ftp/arxiv/papers/1803/1803.01164.pdf
@article{alom2018history,
  title={The history began from AlexNet: a comprehensive survey on deep learning approaches},
  author={Alom, Md Zahangir and Taha, Tarek M and Yakopcic, Christopher and Westberg, Stefan and Sidike, Paheding and Nasrin, Mst Shamima and Van Esesn, Brian C and Awwal, Abdul A S and Asari, Vijayan K},
  journal={arXiv preprint arXiv:1803.01164},
  year={2018}
}

% http://papers.nips.cc/paper/4824-imagenet-classification-with-deep-convolutional-neural-networks.pdf
@inproceedings{krizhevsky2012imagenet,
  title={Imagenet classification with deep convolutional neural networks},
  author={Krizhevsky, Alex and Sutskever, Ilya and Hinton, Geoffrey E},
  booktitle={Advances in neural information processing systems},
  pages={1097--1105},
  year={2012}
}

% https://www.forbes.com/sites/jordanmckee/2018/09/11/global-digital-commerce-sales-to-near-6-trillion-by-2022/#24a8bc6b4c5a
@misc{forbes2018growth, 
  title={Global Digital Commerce Sales To Near \$6 Trillion By 2022}, url={https://www.forbes.com/sites/jordanmckee/2018/09/11/global-digital-commerce-sales-to-near-6-trillion-by-2022}, 
  publisher={Forbes Media LLC}, 
  author={Jordan McKee}, 
  year={2018}, 
  month={9}
}

% https://www.theatlantic.com/technology/archive/2014/01/how-netflix-reverse-engineered-hollywood/282679/
@misc{atlantic2014genres, 
  title={How Netflix Reverse-Engineered Hollywood}, url={https://www.theatlantic.com/technology/archive/2014/01/how-netflix-reverse-engineered-hollywood/282679/}, 
  publisher={The Atlantic}, 
  author={Alexis Madrigal}, 
  year={2014}, 
  month={1}
}

% http://files.grouplens.org/papers/harper-tiis2015.pdf
@article{harper2016movielens,
  title={The movielens datasets: History and context},
  author={Harper, F Maxwell and Konstan, Joseph A},
  journal={Acm transactions on interactive intelligent systems (tiis)},
  volume={5},
  number={4},
  pages={19},
  year={2016},
  publisher={ACM}
}

% http://fastml.com/goodbooks-10k-a-new-dataset-for-book-recommendations/
@article{goodbooks2017,
    author = {Zajac, Zygmunt},
    title = {Goodbooks-10k: a new dataset for book recommendations},
    year = {2017},
    publisher = {FastML},
    journal = {FastML},
    howpublished = {\url{http://fastml.com/goodbooks-10k}},
}

% https://towardsdatascience.com/prototyping-a-recommender-system-step-by-step-part-2-alternating-least-square-als-matrix-4a76c58714a1
@misc{liao2018towardsdatascience, 
  title={Prototyping a Recommender System Step by Step Part 2: Alternating Least Square (ALS) Matrix Factorization in Collaborative Filtering}, url={https://towardsdatascience.com/prototyping-a-recommender-system-step-by-step-part-2-alternating-least-square-als-matrix-4a76c58714a1}, 
  publisher={Towards Data Science}, 
  author={Kevin Liao}, 
  year={2018}, 
  month={11}
}


% http://users.cecs.anu.edu.au/~u5098633/papers/www15.pdf
@inproceedings{sedhain2015autorec,
  title={Autorec: Autoencoders meet collaborative filtering},
  author={Sedhain, Suvash and Menon, Aditya Krishna and Sanner, Scott and Xie, Lexing},
  booktitle={Proceedings of the 24th International Conference on World Wide Web},
  pages={111--112},
  year={2015},
  organization={ACM}
}

% http://proceedings.mlr.press/v48/zheng16.pdf
@article{zheng2016neural,
  title={A neural autoregressive approach to collaborative filtering},
  author={Zheng, Yin and Tang, Bangsheng and Ding, Wenkui and Zhou, Hanning},
  journal={arXiv preprint arXiv:1605.09477},
  year={2016}
}

% https://arxiv.org/pdf/1708.05031.pdf
@inproceedings{he2017neural,
  title={Neural collaborative filtering},
  author={He, Xiangnan and Liao, Lizi and Zhang, Hanwang and Nie, Liqiang and Hu, Xia and Chua, Tat-Seng},
  booktitle={Proceedings of the 26th international conference on world wide web},
  pages={173--182},
  year={2017},
  organization={International World Wide Web Conferences Steering Committee}
}

% https://arxiv.org/pdf/1905.01395.pdf
@article{rendle2019difficulty,
  title={On the Difficulty of Evaluating Baselines: A Study on Recommender Systems},
  author={Rendle, Steffen and Zhang, Li and Koren, Yehuda},
  journal={arXiv preprint arXiv:1905.01395},
  year={2019}
}

% https://arxiv.org/pdf/1907.06902.pdf
@article{dacrema2019we,
  title={Are We Really Making Much Progress? A Worrying Analysis of Recent Neural Recommendation Approaches},
  author={Dacrema, Maurizio Ferrari and Cremonesi, Paolo and Jannach, Dietmar},
  journal={arXiv preprint arXiv:1907.06902},
  year={2019}
}

% https://arxiv.org/pdf/1801.06146.pdf
@article{howard2018universal,
  title={Universal language model fine-tuning for text classification},
  author={Howard, Jeremy and Ruder, Sebastian},
  journal={arXiv preprint arXiv:1801.06146},
  year={2018}
}

% http://ruder.io/thesis/neural_transfer_learning_for_nlp.pdf#page=64
@phdthesis{ruder2019neural,
  title={Neural Transfer Learning for Natural Language Processing},
  author={Ruder, Sebastian},
  year={2019},
  school={NATIONAL UNIVERSITY OF IRELAND, GALWAY}
}

@inproceedings{sharif2014cnn,
  title={CNN features off-the-shelf: an astounding baseline for recognition},
  author={Sharif Razavian, Ali and Azizpour, Hossein and Sullivan, Josephine and Carlsson, Stefan},
  booktitle={Proceedings of the IEEE conference on computer vision and pattern recognition workshops},
  pages={806--813},
  year={2014}
}

@article{collobert2011natural,
  title={Natural language processing (almost) from scratch},
  author={Collobert, Ronan and Weston, Jason and Bottou, L{\'e}on and Karlen, Michael and Kavukcuoglu, Koray and Kuksa, Pavel},
  journal={Journal of machine learning research},
  volume={12},
  number={Aug},
  pages={2493--2537},
  year={2011}
}

% -------------------------------------------------------------------------